@article{Dirac1953888,
  title   = "The lorentz transformation and absolute time",
  journal = "Physica",
  volume  = "19",
  number  = "1--12",
  pages   = "888--896",
  year    = "1953",
  doi     = "10.1016/S0031-8914(53)80099-6",
  author  = "P.A.M. Dirac"
}

@article{Feynman1963118,
  title   = "The theory of a general quantum system interacting with a linear dissipative system",
  journal = "Annals of Physics ",
  volume  = "24",
  pages   = "118--173",
  year    = "1963",
  doi     = "10.1016/0003-4916(63)90068-X",
  author  = "R.P Feynman and F.L {Vernon Jr.}"
}

@book{cabrera,
  title={Restauraci{\'o}n ecol{\'o}gica de los p{\'a}ramos de Colombia},
  author={Cabrera, Marian and Ram{\'\i}rez, Wilson},
  year={2014},
  publisher={Instituto de Investigaci{\'o}n de Recursos Biol{\'o}gicos Alexander von Humboldt}
}





@article{paramos,
  title={Paramos Estrategia acuifera y paisajistica de gran valor ecologico},
  author={Vanegas, Mario Valenzuela},
  journal={Respuestas},
  volume={3},
  number={1},
  pages={38--42},
  year={1998},
  publisher={Universidad Francisco de Paula Santander}}

@article{ortizparamos,
  title={P{\'a}ramos: hidrosistemas sensibles},
  author={Ortiz, Mario A D{\'\i}az-Granados and Gonz{\'a}lez, Juan D Navarrete and L{\'o}pez, Tatiana Su{\'a}rez},
  journal={Revista de ingenier{\'\i}a},
  number={22},
  pages={64--75},
  year={2005},
  publisher={Universidad de Los Andes}
}

@article{morales2019atlas,
  title={Atlas de p{\'a}ramos de Colombia},
  author={Morales-Rivas, M{\'o}nica and Otero Garcia, Javier and Hammen, Thomas van der and Torres Perdig{\'o}n, Andrea and Cadena Vargas, Camilo Esteban and Pedraza Pe{\~n}aloza, Carlos Alberto and Rodr{\'\i}guez Eraso, Nelly and Franco Aguilera, Carol Andrea and Betancourth Su{\'a}rez, Juan Carlos and Olaya Ospina, {\'E}dgar and others},
  year={2019},
  publisher={Instituto de Investigaci{\'o}n de Recursos Biol{\'o}gicos Alexander von Humboldt}
}
@article{hofstede2017p,
  title={Los P\'aramos Andinos Qu\'e sabemos, Estado de conocimiento sobre el impacto del cambio clim\'atico en el ecosistema p\'aramo},
  author={Hofstede, Robert and Calles, Juan and Polanco, R and Torres, F and Ulloa, J and Cerra, M and others},
  year={2017},
  publisher={IUCN}
}
@article{montenegro2015estimacion,
  title={Estimaci{\'o}n de la radiaci{\'o}n solar y neta a partir de la temperatura en ecosistemas de p{\'a}ramo y comparaci{\'o}n con sensores a nivel del suelo},
  author={Montenegro D{\'\i}az, Paola Fernanda},
  year={2015}
}


@article{Bala,
author = {Balasubramanian, A.},
year = {2017},
month = {02},
pages = {},
title = {CLIMATE DATA MANAGEMENT},
doi = {10.13140/RG.2.2.34216.57602}
}

@Manual{Rs,
    title = {R: A Language and Environment for Statistical Computing},
    author = {{R Core Team}},
    organization = {R Foundation for Statistical Computing},
    address = {Vienna, Austria},
    year = {2019},
    url = {https://www.R-project.org/},
}

@article{basantes,
  title={Altitud, variables clim{\'a}ticas y tiempo de permanencia de las personas en plazas de Ecuador},
  author={Basantes, Alba Cristina N{\'u}{\~n}ez and Garc{\'\i}a, Ester Higueras},
  journal={urbe. Revista Brasileira de Gest{\~a}o Urbana},
  volume={10},
  number={2},
  pages={414--425},
  year={2018},
  publisher={SciELO Brasil}
}

@article{buyta,
  title={Cambio clim{\'a}tico: la nueva amenaza para los p{\'a}ramos},
  author={Buytaert, W and Sevink, J and Cuesta, F and others},
  journal={Avances en investigaci{\'o}n para la conservaci{\'o}n de los p{\'a}ramos andinos. CONDESAN, Lima},
  year={2014}
}


@article{van,
  title={The Pleistocene changes of vegetation and climate in tropical South America},
  author={van der Hammen, Theodor},
  journal={Journal of Biogeography},
  pages={3--26},
  year={1974},
  publisher={JSTOR}
}


@book{jaramillo,
  title={Clima andino y caf{\'e} en Colombia.},
  author={Jaramillo Robledo, Alvaro},
  number={Doc. 21237) CO-BAC, Bogot{\'a}},
  year={2005},
  pages= {75--79}
}


@Manual{tobon,
    title = {Curso de hidrologia forestal},
    author = {Tob\'on, Conrado},
    organization = {Universidad Nacional de Colombia},
    address = {Medell\'in, Antioquia},
    year = {2017}
}



@article{poveda2004hidroclimatologia,
  title={La hidroclimatolog{\'\i}a de Colombia: una s{\'\i}ntesis desde la escala inter-decadal hasta la escala diurna},
  author={Poveda, Germ{\'a}n},
  journal={Rev. Acad. Colomb. Cienc},
  volume={28},
  number={107},
  pages={201--222},
  year={2004}
}

@article{buytaert2006hidrologia,
  title={Hidrolog{\'\i}a del p{\'a}ramo andino: propiedades, importancia y vulnerabilidad},
  author={Buytaert, W and C{\'e}lleri, R and De Bi{\`e}vre, B and Cisneros, F},
  journal={Cuenca. Recuperado: http://www. paramo. org/files/hidrologia\_paramo. pdf},
  year={2006}
}

@article{Cobo,
  title={Delimitaci\'on del p\'aramo Guantiva- La rusia. Ministerio de ambiente},
  author={Corpoboyacá, CAS},
  url={https://www.minambiente.gov.co/index.php/noticias-minambiente/3011-se-delimita-el-paramo-guantiva-la-rusia},
  year={2017}
}

@article{Uptc,
  title={Caracterizaci\'on bi\'otica del complejo de P\'aramos Guantiva- La Rusia en jurisdicci\'on de Corpoboyac\'a y CAS.},
  author={UPTC},
  year={2015}
}

