@article{Salas-Correa_Mancera-Rodríguez_2018, title={Relaciones entre la diversidad de aves y la estructura de vegetaci\'on en cuatro etapas sucesionales de bosque secundario, Antioquia, Colombia}, volume={21}, url={https://revistas.udca.edu.co/index.php/ruadc/article/view/970}, DOI={10.31910/rudca.v21.n2.2018.970}, number={2}, journal={Revista U.D.C.A Actualidad &amp; Divulgación Científica}, author={Salas-Correa, Ángel and Mancera-Rodríguez, Néstor}, year={2018}, month={sep.}, pages={519-529}
