@Manual{CRAN:knitr,
  title =        {knitr: A General-Purpose Package for Dynamic Report
                  Generation in R},
  author =       {Yihui Xie},
  year =         {2017},
  note =         {R package version 1.17},
  url =          {https://yihui.name/knitr/},
}

@Manual{CRAN:rmarkdown,
  title =        {rmarkdown: Dynamic Documents for R},
  author =       {JJ Allaire and Joe Cheng and Yihui Xie and Jonathan
                  McPherson and Winston Chang and Jeff Allen and
                  Hadley Wickham and Aron Atkins and Rob Hyndman and
                  Ruben Arslan},
  year =         {2017},
  note =         {R package version 1.6},
  url =          {https://CRAN.R-project.org/package=rmarkdown},
}

@Manual{CRAN:rticles,
  title =        {rticles: Article Formats for R Markdown},
  author =       {JJ Allaire and {R Foundation} and Hadley Wickham and
                  {Journal of Statistical Software} and Yihui Xie and
                  Ramnath Vaidyanathan and {Association for Computing
                  Machinery} and Carl Boettiger and {Elsevier} and
                  Karl Broman and Kirill Mueller and Bastiaan Quast
                  and Randall Pruim and Ben Marwick and Charlotte
                  Wickham and Oliver Keyes and Miao Yu},
  year =         {2017},
  note =         {R package version 0.4.1},
  url =          {https://CRAN.R-project.org/package=rticles},
}

@article{PeerJ:Rcpp,
  title =        {Extending \textit{R} with \textit{C++}: A Brief
                  Introduction to \textit{Rcpp}},
  author =       {Eddelbuettel, Dirk and Balamuta, James Joseph},
  year =         2017,
  month =        aug,
  keywords =     {applications and case studies, simulation,
                  computationally intensive methods, statistical
                  computing},
  abstract =     { \textit{R} has always provided an application
                  programming interface (API) for extensions. Based on
                  the \textit{C} language, it uses a number of macros
                  and other low-level constructs to exchange data
                  structures between the \textit{R} process and any
                  dynamically-loaded component modules authors added
                  to it. With the introduction of the \textit{Rcpp}
                  package, and its later refinements, this process has
                  become considerably easier yet also more robust. By
                  now, \textit{Rcpp} has become the most popular
                  extension mechanism for \textit{R}. This article
                  introduces \textit{Rcpp}, and illustrates with
                  several examples how the \textit{Rcpp Attributes}
                  mechanism in particular eases the transition of
                  objects between \textit{R} and \textit{C++} code.  },
  volume =       5,
  pages =        {e3188v1},
  journal =      {PeerJ Preprints},
  issn =         {2167-9843},
  url =          {https://doi.org/10.7287/peerj.preprints.3188v1},
  doi =          {10.7287/peerj.preprints.3188v1}
}


@article{pulido,
  title={Biolog{\'\i}a reproductiva y conservaci{\'o}n: el caso de la regeneraci{\'o}n de bosques templados y subtropicales de robles (Quercus spp.)},
  author={Pulido, Fernando J},
  journal={Revista chilena de historia natural},
  volume={75},
  number={1},
  pages={5--15},
  year={2002},
  publisher={Sociedad de Biolog{\'\i}a de Chile}
}


@article{salas,
  title={Relaciones entre la diversidad de aves y la estructura de vegetaci{\'o}n en cuatro etapas sucesionales de bosque secundario, Antioquia, Colombia},
  author={Salas Correa, {\'A}ngel David and Mancera Rodr{\'\i}guez, N{\'e}stor Javier and others},
  year={2018},
  publisher={Bogot{\'a}: Universidad de Ciencias Aplicadas y Ambientales, 2018}
}

@article{hammer,
  title={PAST: Paleontological statistics software package for education and data analysis},
  author={Hammer, {\O}yvind and Harper, David AT and Ryan, Paul D and others},
  journal={Palaeontologia electronica},
  volume={4},
  number={1},
  pages={9},
  year={2001},
  publisher={California}
}

@BOOKLET{vismia,
title = {COL000259536 - Vismia macrophylla Kunth - Hypericaceae},
author = {biovirtual},
year = {2007},
url = {http://www.biovirtual.unal.edu.co/es/colecciones/detail/610578/}
}

@article{vallares,
  title={La disponibilidad de luz bajo el dosel de los bosques y matorrales ib{\'e}ricos estimada mediante fotograf{\'\i}a hemisf{\'e}rica},
  author={Valladares, FERNANDO},
  journal={Ecolog{\'\i}a},
  volume={20},
  pages={11--30},
  year={2006}
}

@article{huan,
  title={Comparison of nonlinear height--diameter functions for major Alberta tree species},
  author={Huang, Shongming and Titus, Stephen J and Wiens, Douglas P},
  journal={Canadian Journal of Forest Research},
  volume={22},
  number={9},
  pages={1297--1304},
  year={1992},
  publisher={NRC Research Press}
}

@article{leza,
  title={Caracterizaci{\'o}n de la regeneraci{\'o}n de bosques en tres ambientes contrastantes en el retorno, Guaviare-Colombia},
  author={Lezama Ahumada, Katherine and others},
  year={2019}
}

@article{tapia,
  title={Estudio de la actividad antibacteriana y t{\'o}xica del kuiship (jacaranda copaia)},
  author={Tapia, Wilson and Armas, Gabriela},
  journal={La Granja},
  volume={19},
  number={1},
  pages={12--20},
  year={2014}
}

@article{sala,
  title={RELATIONSHIPS BETWEEN BIRD DIVERSITY AND VEGETATION STRUCTURE IN FOUR SECONDARY FOREST SUCCESSIONAL STAGES, ANTIOQUIA, COLOMBIA},
  author={Salas-Correa, {\'A}ngel David and Mancera-Rodr{\'\i}guez, N{\'e}stor Javier},
  journal={Revista UDCA Actualidad \& Divulgaci{\'o}n Cient{\'\i}fica},
  volume={21},
  number={2},
  pages={519--529},
  year={2018},
  publisher={Universidad de Ciencias Aplicadas y Ambientales}
}

@article{grubb,
  title={The maintenance of species-richness in plant communities: the importance of the regeneration niche},
  author={Grubb, Peter J},
  journal={Biological reviews},
  volume={52},
  number={1},
  pages={107--145},
  year={1977},
  publisher={Wiley Online Library}
}

@article{hooper,
  title={Factors affecting community composition of forest regeneration in deforested, abandoned land in Panama},
  author={Hooper, Elaine R and Legendre, Pierre and Condit, Richard},
  journal={Ecology},
  volume={85},
  number={12},
  pages={3313--3326},
  year={2004},
  publisher={Wiley Online Library}

}


@incollection{pic,
  title={A hierarchical consideration of causes and mechanisms of succession},
  author={Pickett, STA and Collins, SL and Armesto, Juan J},
  booktitle={Theory and models in vegetation science},
  pages={109--114},
  year={1987},
  publisher={Springer}
}


@article{jak,
  title={Age and light effects on seedling growth in two alternative secondary successions in central Amazonia},
  author={Jakovac, Ana CC and Bentos, Tony V and Mesquita, Rita CG and Williamson, G Bruce},
  journal={Plant Ecology \& Diversity},
  volume={7},
  number={1-2},
  pages={349--358},
  year={2014},
  publisher={Taylor \& Francis}
}

@article{forest,
  title={Forest growth modelling: the state of the art},
  author={Salas, Christian and Gregoire, Timothy G and Craven, Dylan J and Gilabert, Horacio},
  journal={Bosque},
  volume={37},
  number={1},
  pages={3--12},
  year={2016},
  publisher={UNIV AUSTRAL CHILE, FAC CIENCIAS FORESTALES CASILLA 567, VALDIVIA, 00000, CHILE}
}


@article{paulsen,
  title={Tree growth near treeline: abrupt or gradual reduction with altitude?},
  author={Paulsen, J and Weber, UM and K{\"o}rner, Ch},
  journal={Arctic, Antarctic, and Alpine Research},
  volume={32},
  number={1},
  pages={14--20},
  year={2000},
  publisher={Taylor \& Francis}
}


@book{korner,
  title={Alpine treelines: functional ecology of the global high elevation tree limits},
  author={K{\"o}rner, Christian},
  year={2012},
  publisher={Springer Science \& Business Media}
}


@article{lasky,
  title={The relationship between tree biodiversity and biomass dynamics changes with tropical forest succession},
  author={Lasky, Jesse R and Uriarte, Mar{\'\i}a and Boukili, Vanessa K and Erickson, David L and John Kress, W and Chazdon, Robin L},
  journal={Ecology letters},
  volume={17},
  number={9},
  pages={1158--1167},
  year={2014},
  publisher={Wiley Online Library}
}

@article{plateros,
  title={Disponibilidad de luz bajo dosel en rodales de Abies religiosa},
  author={Plateros-Gast{\'e}lum, Pedro Antonio and Reyes-Hern{\'a}ndez, Valent{\'\i}n Jos{\'e} and Vel{\'a}zquez-Mart{\'\i}nez, Alejandro and Hern{\'a}ndez-de la Rosa, Patricia and Campos-{\'A}ngeles, Gisela Virginia},
  journal={Madera y bosques},
  volume={24},
  number={3},
  year={2018}
}





