@article{A,
  title={A biology of numbers and difference},
  author={Gaston, KJ and Williams, PH},
  journal={London, UK},
  year={1996}
}

@techreport{B,
  title={Diversidad ecol{\'o}gica y su medici{\'o}n},
  author={Magurran, Anne E},
  year={1989}
}

@article{C,
  title={Reproducing a Component Diversity {\.I}ndex for Regional Biodiversity Assessments},
  author={Negiz, MEHMET and Ozkan, K{\"u}r{\c{s}}ad},
  year={2019}
}

@book{D,
  title={Fundamentos de ecologia},
  author={Odum, Eugene Pleasants and Ortega, Aguilar and Teresatr, Mar{\'\i}a and others},
  number={574.5 O35},
  year={2006}
}

@article{E,
  title={Cuantificaci{\'o}n de la diversidad de especies incrustantes asociadas a las ra{\'\i}ces de Rhizophora mangle L. en el Parque Nacional Laguna de la Restinga},
  author={Guerra-Castro, Edlin and Cruz-Motta, Juan J and Conde, Jes{\'u}s Eloy},
  journal={Interciencia},
  volume={36},
  number={12},
  pages={923--930},
  year={2011},
  publisher={Asociaci{\'o}n Interciencia}
}

@article{F,
  title={Caracteres estructurales de las masas. C{\'a}tedra de Sociolog{\'\i}a vegetal y Fitogeograf{\'\i}a forestal. Facultad de Ciencias Forestales, Universidad Nacional de Santiago del Estero. Argentina: 2006, p{\'a}g. 9-19},
  author={ACOSTA, VH and ARAUJO, PA and ITURRE, MC}
}

@article{G,
  title={Integrating taxonomic structure in the analysis of the alpha and beta diversity of Melolonthidae scarabs in the Transmexican Volcanic Belt},
  author={Garcia-de Jesus, Sandra and Moreno, Claudia E and Angel Moron, Miguel and Castellanos, Ignacio and Pavon, Numa P},
  journal={REVISTA MEXICANA DE BIODIVERSIDAD},
  volume={87},
  number={3},
  pages={1033--1044},
  year={2016},
  publisher={INST BIOLOGIA, UNIV NACIONAL AUTONOMA MEXICO APARTADO POSTAL 70-233, MEXICO~â€¦}
}

@article{H,
  title={Climate and soils determine aboveground biomass indirectly via species diversity and stand structural complexity in tropical forests},
  author={Ali, Arshad and Lin, Si-Liang and He, Jie-Kun and Kong, Fan-Mao and Yu, Jie-Hua and Jiang, Hai-Sheng},
  journal={Forest ecology and management},
  volume={432},
  pages={823--831},
  year={2019},
  publisher={Elsevier}
}

@book{I,
  title={Ecolog{\'\i}a},
  author={Smith, Robert Leo and Smith, Thomas M and Rom{\'a}n, Elena Sanjos{\'e}},
  number={577 577 SMI 2007 S6E2 2007},
  year={2007},
  publisher={Pearson Educaci{\'o}n Madrid, Espa{\~n}a}
}

@article{J,
  title={Distribution of mangroves along environmental gradients on San Andres Island (Colombian Caribbean)},
  author={Urrego, Ligia E and Polan{\'\i}a, Jaime and Buitrago, Maria F and Cuartas, Luisa F and Lema, Alvaro},
  journal={Bulletin of Marine Science},
  volume={85},
  number={1},
  pages={27--43},
  year={2009},
  publisher={University of Miami-Rosenstiel School of Marine and Atmospheric Science}
}

@incollection{K,
  title={Simpson index},
  author={Somerfield, PJ and Clarke, KR and Warwick, RM},
  year={2008},
  publisher={Elsevier}
}

@article{L,
  title={Biodiversidad: Inferencia basada en el {\'\i}ndice de Shannon y la riqueza},
  author={Pla, Laura},
  journal={Interciencia},
  volume={31},
  number={8},
  pages={583--590},
  year={2006},
  publisher={Asociaci{\'o}n Interciencia}
}

@article{M,
  title={Generalized Simpson-diversity},
  author={Gregorius, Hans-Rolf and Gillet, Elizabeth M},
  journal={Ecological modelling},
  volume={211},
  number={1-2},
  pages={90--96},
  year={2008},
  publisher={Elsevier}
}

@article{N,
  title={ORCYT-UNESCO Oficina Regional de Ciencia y Tecnolog{\'\i}a para Am{\'e}rica Latina y el Caribe, UNESCO. Sociedad Entomol{\'o}gica Aragonesa (SEA)},
  author={Moreno, Claudia E},
  year={2001}
}

@article{O,
  title={La diversidad beta: medio siglo de avances},
  author={Calder{\'o}n-Patr{\'o}n, Jaime M and Moreno, Claudia E and Zuria, Iriana},
  journal={Revista mexicana de biodiversidad},
  volume={83},
  number={3},
  pages={879--891},
  year={2012},
  publisher={Instituto de Biolog{\'\i}a, UNAM}
}

@article{P,
  title={Diversidad y estructura de la selva mediana subperennifolia de Acapulco, Gro., M{\'e}xico},
  author={Agis, Alejandro Ju{\'a}rez and Castro, Natividad Dolores Herrera and Mart{\'\i}nez, Jose Lu{\'\i}s and Uma{\~n}a, Maximino Reyes},
  journal={Revista Iberoamericana de las Ciencias Biol{\'o}gicas y Agropecuarias: CIBA},
  volume={5},
  number={10},
  pages={1--20},
  year={2016},
  publisher={Centro de Estudios e Investigaci{\'o}n para el Desarrollo Docente AC}
}

@article{Q,
  title={Diversidad de insectos minadores de hojas y formadores de agallas en el dosel y sotobosque del bosque tropical},
  author={Medianero, Enrique and Valderrama, Anayansi and Barrios, H{\'e}ctor},
  journal={Acta zool{\'o}gica mexicana},
  number={89},
  pages={153--168},
  year={2003},
  publisher={Instituto de Ecolog{\'\i}a AC}
}

@article{R,
  title={Patrones de diversidad alfa en tres fragmentos de bosques montanos en la regi{\'o}n norte de los Andes, Colombia},
  author={L{\'o}pez, Wilson and Duque, {\'A}lvaro},
  journal={Revista de Biolog{\'\i}a Tropical},
  volume={58},
  number={1},
  pages={483--498},
  year={2010},
  publisher={http://creativecommons. org/licenses/by/3.0}
}

@inproceedings{S,
  title={Un nuevo m{\'e}todo estad{\'\i}stico para la evaluaci{\'o}n de la similitud en la composici{\'o}n de especies con datos de incidencia y abundancia},
  author={Colwell, Robert K and Chao, Anne and Chazdon, Robin L and Shen, Tsung-Jen},
  booktitle={Sobre diversidad biol{\'o}gica: el significado de las diversidades alfa, beta y gamma},
  pages={85--96},
  year={2005},
  organization={GORFI}
}

@article{T,
  title={Estructura y diversidad de la vegetaci{\'o}n arb{\'o}rea del Parque Estatal Agua Blanca, Macuspana, Tabasco},
  author={Zarco-Espinosa, V{\'\i}ctor Manuel and Valdez-Hern{\'a}ndez, JL and {\'A}ngeles-P{\'e}rez, Gregoriaseso and Castillo-Acosta, Ofelia},
  journal={Universidad y ciencia},
  volume={26},
  number={1},
  pages={1--17},
  year={2010},
  publisher={Universidad Ju{\'a}rez Aut{\'o}noma de Tabasco, Direcci{\'o}n de Investigaci{\'o}n y Posgrado}
}

@article{U,
  title={{\'I}ndice valor de importancia, diversidad y similaridad flor{\'\i}stica de especies le{\~n}osas en tres ecosistemas de los llanos centrales de Venezuela},
  author={Soler, P and Berroter{\'a}n, Jos{\'e} L and Gil, J and Acosta, R},
  journal={Agronom{\'\i}a Trop},
  volume={62},
  number={1-4},
  pages={25--37},
  year={2012}
}

@article{V,
  title={Rean{\'a}lisis de la diversidad alfa: alternativas para interpretar y comparar informaci{\'o}n sobre comunidades ecol{\'o}gicas},
  author={Moreno, Claudia E and Barrag{\'a}n, Felipe and Pineda, Eduardo and Pav{\'o}n, Numa P},
  journal={Revista mexicana de biodiversidad},
  volume={82},
  number={4},
  pages={1249--1261},
  year={2011},
  publisher={Instituto de Biolog{\'\i}a, UNAM}
}

@article{W,
  title={Renovando las medidas para evaluar la diversidad en comunidades ecol{\'o}gicas: el n{\'u}mero de especies efectivas de murci{\'e}lagos en el sureste de Tabasco, M{\'e}xico},
  author={Garc{\'\i}a-Morales, Rodrigo and Moreno, Claudia E and Bello-Guti{\'e}rrez, Joaqu{\'\i}n},
  journal={Therya},
  volume={2},
  number={3},
  pages={205--215},
  year={2011},
  publisher={Centro de Investigaciones Biol{\'o}gicas del Noroeste}
}

@article{X,
  title={?` Cu{\'a}ntas especies hay? Los estimadores no param{\'e}tricos de Chao},
  author={Escalante, T},
  journal={Elementos},
  volume={52},
  pages={53--56},
  year={2003}
}

@article{Y,
  title={Evaluaci{\'o}n de estimadores no param{\'e}tricos de la riqueza de especies. Un ejemplo con aves en {\'a}reas verdes de la ciudad de Puebla, M{\'e}xico},
  author={Oreja, JA Gonz{\'a}lez and de la Fuente-D{\'\i}az-Ordaz, AA and Hern{\'a}ndez-Sant{\'\i}n, L and Buzo-Franco, D and Bonache-Regidor, C},
  journal={Animal biodiversity and conservation},
  pages={31--45},
  year={2010}
}


@book{Z,
  title={Ecolog{\'\i}a y conservaci{\'o}n de bosques neotropicales},
  author={Guariguata, Manuel R and Kattan, Gustavo H and Guariguata, Manuel R and others},
  number={574.52642 E25},
  year={2002}
}

@article{AA,
  title={Las curvas de acumulaci{\'o}n de especies y la necesidad de evaluar la callidad de los inventario biol{\'o}gicos},
  author={Jimenez, Verdejo A and Hortal, Joaqu{\'\i}n},
  year={2003}
}


@article{AB,
  title={Environmental and anthropogenic influences on the distribution, structure, and floristic composition of mangrove forests of the Gulf of Urab{\'a} (Colombian Caribbean)},
  author={Urrego, LE and Molina, EC and Su{\'a}rez, JA},
  journal={Aquatic Botany},
  volume={114},
  pages={42--49},
  year={2014},
  publisher={Elsevier}
}

@article{AD,
  title={An{\'a}lisis fison{\'o}mico estructural del manglar de Puerto Soley, La Cruz, Guanacaste, Costa Rica},
  author={Soto, Ricardo and Jim{\'e}nez, Jorge A},
  journal={Revista de Biologia Tropical},
  volume={30},
  number={2},
  pages={161--168},
  year={1982}
}

@article{AG,
  title={Nutrient and salt relations of Pterocarpus officinalis L. in coastal wetlands of the Caribbean: assessment through leaf and soil analyses},
  author={Medina, Ernesto and Cuevas, Elvira and Lugo, Ariel},
  journal={Trees},
  volume={21},
  number={3},
  pages={321--327},
  year={2007},
  publisher={Springer}
}

@article{AH,
  title={The effects of salinity on the dynamics of a Pterocarpus officinalis forest stand in Puerto Rico},
  author={Rivera-Ocasio, Elsie and Aide, T Mitchell and Rios-L{\'o}pez, Neftal{\'\i}},
  journal={Journal of Tropical Ecology},
  volume={23},
  number={5},
  pages={559--568},
  year={2007},
  publisher={Cambridge University Press}
}

@article{AE,
  title={Elementos estad{\'\i}sticos de dasometr{\'\i}a y medici{\'o}n forestal},
  author={Lema, A},
  journal={Medell{\'\i}n, Colombia: Silvano Ltda},
  year={2003}
}


@article{AI,
  title={DISTRIBUCI{\'O}N GEOGR{\'A}FICA Y VARIACI{\'O}N FOLIAR DE Montrichardia arborescens EN VENEZUELA},
  author={Col{\'o}n, Elizabeth Gordon and Su{\'a}rez-Villasmil, Lourdes M and Polanco, Lenys and Barreto-Pittol, Eduardo M},
  journal={ACTA BIOLOGICA VENEZUELICA},
  volume={33},
  pages={1--2},
  year={2013}
}

@article{AJ,
  title={Poisson and Gamma Distributions: A Discrete and Continuous Relati},
  author={Arroyo, Indira and Bravo, Luis C and Llin{\'a}s, Humberto and Mu{\~n}oz, Fabian L},
  journal={Prospectiva},
  volume={12},
  number={1},
  pages={99--107},
  year={2014},
  publisher={Universidad Aut{\'o}noma del Caribe, Facultad de Ingenier{\'\i}a}
}

@article{AK,
  title={Canopy structure and understory light characteristics of a natural Quercus aliena var. acuteserrata forest in China northwest: Influence of different forest management methods},
  author={Wan, Pan and He, Ruirui},
  journal={Ecological Engineering},
  volume={153},
  pages={105901},
  year={2020},
  publisher={Elsevier}
}

@techreport{AF,
  author       = {Conafor},
  title        = {Rhizophora mangle (L.) C.DC.},
  institution  = {Conafor}
}

@manual{AL,
  title        = {Estructura y densidad},
  author       = {Enrique wabo}, 
  organization = {Universidad Nacional de La Plata},
  year         = {1999}
}

  
  
@article{AP,
  title={Evolution of species diversity in land communities.},
  author={Whittaker, Robert H and RH, WHITTAKER},
  year={1977}
}


@phdthesis{AQ,
  title={Evaluaci{\'o}n y predicci{\'o}n de la biodiversidad: un modelo con araneidos en el Parque Natural del Cad{\'\i}-Moixer{\'o}},
  author={Castroverde, Eva De Mas},
  year={2007}
}


@article{AS,
  title={Evaluaci{\'o}n de estimadores no param{\'e}tricos de la riqueza de especies. Un ejemplo con aves en {\'a}reas verdes de la ciudad de Puebla, M{\'e}xico},
  author={Oreja, JA Gonz{\'a}lez and de la Fuente-D{\'\i}az-Ordaz, AA and Hern{\'a}ndez-Sant{\'\i}n, L and Buzo-Franco, D and Bonache-Regidor, C},
  journal={Animal biodiversity and conservation},
  pages={31--45},
  year={2010}
}

@article{AT,
  title={Estimaci{\'o}n de la riqueza de cole{\'o}pteros epigeos de la Reserva Nacional Ping{\"u}ino de Humboldt (Regiones de Atacama y Coquimbo, Chile)},
  author={Alfaro, Ferm{\'\i}n M and Pizarro-Araya, Jaime},
  journal={Gayana (Concepci{\'o}n)},
  volume={81},
  number={2},
  pages={39--51},
  year={2017},
  publisher={Universidad de Concepci{\'o}n. Facultad de Ciencias Naturales y Oceanogr{\'a}ficas.}
}

@article{AM,
  title={Incorporating spatial autocorrelation in rarefaction methods: Implications for ecologists and conservation biologists},
  author={Bacaro, Giovanni and Altobelli, Alfredo and Cameletti, Michela and Ciccarelli, Daniela and Martellos, Stefano and Palmer, Michael W and Ricotta, Carlo and Rocchini, Duccio and Scheiner, Samuel M and Tordoni, Enrico and others},
  journal={Ecological indicators},
  volume={69},
  pages={233--238},
  year={2016},
  publisher={Elsevier}
}

@article{AN,
  title={Patterns of floristic richness in vegetation communities of California: regional scale analysis with multi-temporal NDVI},
  author={Fairbanks, Dean HK and McGwire, Kenneth C},
  journal={Global Ecology and Biogeography},
  volume={13},
  number={3},
  pages={221--235},
  year={2004},
  publisher={Wiley Online Library}
}

@article{AU,
  title={Evaluaci{\'o}n de m{\'e}todos no param{\'e}tricos para la estimaci{\'o}n de riqueza de especies de plantas le{\~n}osas en cafetales},
  author={L{\'o}pez-G{\'o}mez, Ana Mar{\'\i}a and Williams-Linera, Guadalupe},
  journal={Botanical Sciences},
  number={78},
  pages={7--15},
  year={2006}
}

@article{AO,
  title={Composici{\'o}n, diversidad y estructura de comunidades de {\'a}rboles en un gradiente altitudinal de selvas subtropicales de monta{\~n}a (Serran{\'\i}as de Zapla, Jujuy, Argentina)},
  author={Cuyckens, Griet An Erica and Malizia, Lucio Ricardo and Blundo, Cecilia},
  journal={Madera y bosques},
  volume={21},
  number={3},
  pages={137--148},
  year={2015},
  publisher={Instituto de Ecolog{\'\i}a AC}
}






