@article{mateo,
  title={Species distributions models: A synthetic revision},
  author={Mateo, Ruben G and Felicisimo, Angel M and Munoz, Jesus},
  journal={Revista Chilena de Historia Natural},
  volume={84},
  number={2},
  pages={217--240},
  year={2011}
}